<record><leader>00000cas a22000007a 4500</leader><controlfield tag="001">9449409</controlfield><controlfield tag="008">830426d17741774mauwr ne      0    0eng d</controlfield><controlfield tag="009">3768</controlfield><datafield ind1=" " ind2=" " tag="010"><subfield code="a">sn 83020601 </subfield></datafield><datafield ind1=" " ind2=" " tag="040"><subfield code="a">NPX</subfield><subfield code="b">eng</subfield><subfield code="c">NPX</subfield><subfield code="d">NYS</subfield><subfield code="d">MGN</subfield><subfield code="d">OCLCG</subfield><subfield code="d">UKMGB</subfield></datafield><datafield ind1="7" ind2=" " tag="016"><subfield code="a">013914520</subfield><subfield code="2">Uk</subfield></datafield><datafield ind1="1" ind2=" " tag="029"><subfield code="a">AU@</subfield><subfield code="b">000025793908</subfield></datafield><datafield ind1=" " ind2=" " tag="042"><subfield code="a">msc</subfield></datafield><datafield ind1=" " ind2=" " tag="043"><subfield code="a">n-us-ma</subfield></datafield><datafield ind1="0" ind2="4" tag="245"><subfield code="a">The Salem gazette and Newbury and Marblehead advertiser.</subfield></datafield><datafield ind1="1" ind2="7" tag="246"><subfield code="a">Salem gazette, etc. for 1774</subfield></datafield><datafield ind1=" " ind2=" " tag="260"><subfield code="a">Salem [Mass.] :</subfield><subfield code="b">E. Russell,</subfield></datafield><datafield ind1=" " ind2=" " tag="300"><subfield code="a">v. ;</subfield><subfield code="c">39 cm.</subfield></datafield><datafield ind1=" " ind2=" " tag="310"><subfield code="a">Weekly</subfield></datafield><datafield ind1="0" ind2=" " tag="362"><subfield code="a">Vol. 1, no. 1 (July 1, 1774)-v. 1, no. 23 (Dec. 2, 1774).</subfield></datafield><datafield ind1=" " ind2=" " tag="500"><subfield code="a">Editor: E. Russell.</subfield></datafield><datafield ind1=" " ind2=" " tag="515"><subfield code="a">Prospectus issued June 24, 1774.</subfield></datafield><datafield ind1="1" ind2=" " tag="700"><subfield code="a">Russell, Ezekiel,</subfield><subfield code="d">1743-1796.</subfield></datafield><datafield ind1=" " ind2=" " tag="752"><subfield code="a">United States</subfield><subfield code="b">Massachusetts</subfield><subfield code="c">Essex</subfield><subfield code="d">Salem.</subfield></datafield><datafield ind1="0" ind2="0" tag="785"><subfield code="t">Salem gazette, or, Newbury and Marblehead advertiser</subfield><subfield code="w">(DLC)sn 86071851</subfield></datafield></record>